@techreport{Fre01,
	Author = {P. Frey},
	Date-Added = {2018-05-19 16:14:18 +0000},
	Date-Modified = {2018-05-19 16:18:06 +0000},
	Institution = {INRIA Rocquencourt},
	Keywords = {visualization, post-processing, mesh},
	Month = {December},
	Number = {0253},
	Title = {MEDIT: An interactive mesh visualization software},
	Year = {2001}}

@article{TLP18,
	Author = {T. T. M. Ta and V. C. Le and H. T. Pham},
	Journal = {Applied Numercical Mathematics},
	Optdoi = {https://doi.org/10.1016/j.apnum.2017.12.009},
	Pages = {160 - 179},
	Title = {Shape optimization for Stokes flows using sensitivity analysis and finite element method},
	Volume = {126},
	Year = {2018}}
	
@article{H92-2,
	author={D.N. Hao},
	title={A noncharacteristic Cauchy problem for linear parabolic equations II: A variational method},
	journal={Numer. Funct. Anal. Optim.},
	volume={13},
	year={1992},
	pages={541–564}
}


@article{H92-3,
	author={ D.N. Hao},
	title={A noncharacteristic Cauchy problem for linear parabolic equations III: A variational method and its approximation schemes},
	journal={Numer. Funct.
	Anal. Optim.},
	volume={13},
	year={1992},
	pages={565–583}
}


@article{DB08,
	author={Dominik Meidner and Boris Vexler},
	title={A Priori Error Estimates for Space-Time Finite Element Discretization of Parabolic Optimal Control Problems Part I: Problems Without Control Constraints},
	journal={Society for Industrial and Applied Mathematics},
	volume={47(3},
	year={2008},
	pages={1150–1177}
}

@article{HTLI14,
	author={D.N.Hao and P.X.Thanh and D.Lesnic and M.Ivanchov},
	title={Determination of a source in the heat equation from integral observations},
	journal={Journal of Computational and Applied Mathematics},
	volume={264},
	year={2014},
	pages={82–98}
}








@book{C87,
	author = {Claes Johnson},
	year = {1987},
	title = {Numerical Solution of Partial Differential Equations by the Finite Element Method},
	publisher = {Cambridge University Press, New York},
	address = {}
}

@book{W87,
	author = {Wloka J.},
	year = {1987},
	title = {Partial Differential Equations},
	publisher = {Cambridge University Press, New York},
	address = {}
}

@book{L98,
	author = {Lawrence C. Evans},
	year = {1998},
	title = {Partial differential equations},
	publisher = {American Mathematical Society},
	address = {}
}

@book{F05,
	author = {Fredi Troltzsch},
	year = {2005},
	title = {Optimal Control of Partial Differential Equations: Theory, Methods, and Applications},
	publisher = {American Mathematical Soc},
	address = {}
}

@book{SV03,
	author = { Stieg Larsson and Vidar Thomee},
	year = {2003},
	title = {Partial Differential Equations with Numerical Methods},
	publisher = {Springer Science \& Business Media},
	address = {}
}

@article{AL06,
	author={Andreas Wachter and Lorenz T. Biegler},
	title={On the implementation of an interior-point filter line-search
	algorithm for large-scale nonlinear programming},
	journal={Mathematical Programming},
	volume={106},
	year={2006},
	pages={25-57}
}

@MISC{A,
	author = {Andreas Wachter},
	title = {Short Tutorial: Getting Started With Ipopt in 90 Minutes},
	year = {}
}
